Recommended: S&P Capital IQ - Standard,Period Ended,Financial Filing Date,Spot Exchange Rate,Average Exchange Rate, ,($000),Revenue,        Total Revenue,Cost Of Goods Sold,        Gross Profit, ,Selling General & Admin Exp.,Provision for Bad Debts,R & D Exp.,Depreciation & Amort.,Amort. of Goodwill and Intangibles,Other Operating Expense,"        Other Operating Exp., Total",        Operating Income, ,Interest Expense,Interest and Invest. Income,        Net Interest Exp.,Currency Exchange Gains,Other Non-Operating Inc.,        EBT Excl Unusual Items,Impairment of Goodwill,Gain (Loss) On Sale Of Invest.,Gain (Loss) On Sale Of Assets,Asset Writedown,Other Unusual Items,        EBT Incl. Unusual Items, ,Income Tax Expense,        Earnings from Cont. Ops.,Earnings of Discontinued Ops.,        Net Income to Company,Minority Int. in Earnings,        Net Income,        NI to Common Incl Extra Items,        NI to Common Excl. Extra Items,Per Share Items ($),Basic EPS,Basic EPS Excl. Extra Items,Weighted Avg. Basic Shares Out. (actual),Diluted EPS Incl. Extra Items,Diluted EPS Excl. Extra Items,Weighted Avg. Diluted Shares Out. (actual),Normalized Basic EPS,Normalized Diluted EPS,Dividends per Share,Payout Ratio (%),Shares per Depositary Receipt (actual),Supplemental Items ($000),EBITDA,EBITA,EBIT,Effective Tax Rate (%),Current Domestic Taxes,Total Current Taxes,Deferred Domestic Taxes,Total Deferred Taxes,Normalized Net Income,Supplemental Operating Expense Items ($000),Marketing Expense,Selling and Marketing Expense,General and Administrative Expense,R&D Expense,"Stock-Based Comp., Unallocated","        Stock-Based Comp., Total",CIQ Restatement Type Code,CIQ Calculation Type Code,Stock Based Compensation ($000),"Stock Options Comp. Exp., Before Tax","Stock Based Comp. Exp., Before Tax"
1998 FQ1,3/31/98,7/12/99,NA,NA,,,NA,NA,NA,NA,,NA,,,NA,NA,NA,NA,NA,,NA,NA,NA,NA,NA,NA,,NA,,,NA,NA,,NA,NA,,NA,NA,NA,NA,NA,,NA,NA,"180,898,705",NA,NA,"180,898,705",NA,NA,NA,NA,1,,NA,NA,NA,33.78,NA,NA,NA,NA,NA,,,,,NA,,,RS,RSQ,,,
1998 FQ2,6/30/98,7/12/99,NA,NA,,,NA,NA,NA,NA,,NA,,,NA,NA,NA,NA,NA,,NA,NA,NA,NA,NA,NA,,NA,,,NA,NA,,NA,NA,,NA,NA,NA,NA,NA,,NA,NA,"182,178,217",NA,NA,"182,178,217",NA,NA,NA,NA,1,,NA,NA,NA,37.50,NA,NA,NA,NA,NA,,,,,NA,,,O,REP,,,
1998 FQ3,9/30/98,10/30/99,NA,NA,,,NA,NA,NA,NA,,NA,,,NA,NA,NA,NA,NA,,NA,NA,NA,NA,NA,NA,,NA,,,NA,NA,,NA,NA,,NA,NA,NA,NA,NA,,NA,NA,"181,132,075",NA,NA,"181,132,075",NA,NA,NA,NA,1,,NA,NA,NA,28.93,NA,NA,NA,NA,NA,,,,,NA,,,O,REP,,,
1998 FQ4,12/31/98,2/21/00,NA,NA,,,NA,NA,NA,NA,,NA,,,NA,NA,NA,NA,NA,,NA,NA,NA,NA,NA,NA,,NA,,,NA,NA,,NA,NA,,NA,NA,NA,NA,NA,,NA,NA,"181,555,104",NA,NA,"181,555,104",NA,NA,NA,NA,1,,NA,NA,NA,2.19,NA,NA,NA,NA,NA,,,,,NA,,,O,Q4,,,
1999 FQ1,3/31/99,4/10/00,1.079500,1.121017,,,"1,558,214","1,558,214","893,451","664,763",,"511,184",,,"14,573","11,210","(8,968)","527,999","136,764",,"(24,662)",NA,"(24,662)",NA,"1,121","113,223",,NA,,,NA,"113,223",,"42,599","70,624",,"70,624","(2,242)","68,382","68,382","68,382",,0.37,0.37,"183,458,646",0.37,0.37,"183,458,646",0.37,0.37,NA,NA,1,,"168,863","136,764","136,764",37.62,NA,NA,NA,NA,"68,522",,,,,NA,,,NC,REP,,,
1999 FQ2,6/30/99,7/30/00,1.031270,1.056422,,,"1,261,368","1,261,368","678,223","583,145",,"483,841",,,"16,903","10,564","(8,451)","502,857","80,288",,"(19,016)",NA,"(19,016)",NA,"2,113","63,385",,NA,,,"3,169","66,555",,"28,523","38,031",,"38,031","(4,226)","33,806","33,806","33,806",,0.19,0.19,"177,777,777",0.19,0.19,"177,777,777",0.20,0.20,NA,NA,1,,"110,239","80,288","80,288",42.86,NA,NA,NA,NA,"35,390",,,,,NA,,,NC,REP,,,
1999 FQ3,9/30/99,10/30/00,1.064980,1.049045,,,"1,652,246","1,652,246","938,895","713,351",,"442,697",,,"15,736","10,490","(7,343)","461,580","251,771",,"(25,177)",NA,"(25,177)",NA,"1,049","227,643",,NA,,,"1,049","228,692",,"82,875","145,817",,"145,817","(6,294)","139,523","139,523","139,523",,0.77,0.77,"180,952,380",0.77,0.77,"180,952,380",0.75,0.75,NA,NA,1,,"281,475","251,771","251,771",36.24,NA,NA,NA,NA,"135,982",,,,,NA,,,NC,REP,,,
1999 FQ4,12/31/99,2/18/01,1.002300,1.036833,,,"1,238,963","1,238,963","693,520","545,443",,"488,613",,,"21,010","10,381","(12,120)","507,885","37,558",,"(22,741)","8,010","(14,731)","(4,735)","1,037","19,129",,NA,,,"(1,285)","17,844",,"9,294","8,550",,"8,550","(6,764)","1,785","1,785","1,785",,0.01,0.01,"182,100,228",0.01,0.01,"182,100,228",0.03,0.03,0.24,NA,1,,"68,457","37,558","37,558",52.09,"164,892","164,892","(6,294)","(6,294)","5,191",,,,,"79,836",,,NC,Q4,,,
2000 FQ1,3/31/00,4/10/01,0.956870,0.986395,,,"1,496,361","1,496,361","868,028","628,334",,"499,116",,,"16,769","9,864","(8,878)","516,871","111,463",,"(12,823)",NA,"(12,823)",NA,986,"99,626",,NA,,,NA,"99,626",,"41,429","58,197",,"58,197","(5,918)","52,279","52,279","52,279",,0.29,0.29,"182,758,620",0.29,0.29,"182,758,620",0.31,0.31,NA,NA,1,,"140,858","111,463","111,463",41.58,NA,NA,NA,NA,"56,348",,,,,NA,,,NC,REP,,,
2000 FQ2,6/30/00,7/10/01,0.958580,0.933363,,,"1,164,837","1,164,837","639,353","525,483",,"456,414",,,"17,734","9,334","(10,267)","473,215","52,268",,"(19,601)",NA,"(19,601)",NA,NA,"32,668",,NA,,,NA,"32,668",,"12,134","20,534",,"20,534","(1,867)","18,667","18,667","18,667",,0.10,0.10,"181,818,181",0.10,0.10,"181,818,181",0.10,0.10,NA,NA,1,,"80,083","52,268","52,268",37.14,NA,NA,NA,NA,"18,551",,,,,NA,,,NC,REP,,,
2000 FQ3,9/30/00,10/10/01,0.882420,0.905455,,,"1,518,449","1,518,449","858,372","660,077",,"448,200",,,"18,109","9,055","(9,960)","465,404","194,673",,"(22,636)",NA,"(22,636)",NA,NA,"172,037",,NA,,,NA,"172,037",,"67,909","104,127",,"104,127","(9,055)","95,073","95,073","95,073",,0.52,0.52,"181,818,181",0.52,0.52,"181,818,181",0.54,0.54,NA,NA,1,,"221,656","194,673","194,673",39.47,NA,NA,NA,NA,"98,468",,,,,NA,,,NC,REP,,,
2000 FQ4,12/31/00,2/18/02,0.938840,0.868631,,,"1,209,834","1,209,834","689,594","520,240",,"453,704",,,"20,684","8,291","(10,487)","472,192","48,047",,"(42,143)","11,367","(30,776)","(1,432)",(869),"14,970",,"2,715",,,226,"17,911",,"8,348","9,564",,"9,564","(5,496)","4,068","4,068","4,068",,0.02,0.02,"182,364,696",0.02,0.02,"182,364,696",0.02,0.02,0.20,NA,1,,"76,865","48,047","48,047",46.61,"97,917","97,917","23,352","23,352","3,860",,,,,"79,045",,,NC,Q4,,,
2001 FQ1,3/31/01,5/2/02,0.884030,0.922507,,,"1,437,266","1,437,266","838,559","598,707",,"466,789",,,"17,528","9,225","(9,225)","484,316","114,391",,"(30,443)",NA,"(30,443)",NA,NA,"83,948",,NA,,,NA,"83,948",,"35,978","47,970",,"47,970","(5,535)","42,435","42,435","42,435",,0.24,0.24,"180,392,156",0.24,0.24,"180,392,156",0.26,0.26,NA,NA,1,,"144,834","123,616","114,391",42.86,NA,NA,NA,NA,"46,933",,,,,NA,,,NC,REP,,,
2001 FQ2,6/30/01,8/2/02,0.846560,0.872928,,,"1,194,165","1,194,165","654,696","539,469",,"457,414",,,"18,331","8,729","(7,856)","476,619","62,851",,"(22,696)",NA,"(22,696)",NA,NA,"40,155",,NA,,,873,"41,028",,"17,459","23,569",,"23,569","(2,619)","20,950","20,950","20,950",,0.12,0.12,"177,777,777",0.12,0.12,"177,777,777",0.13,0.13,NA,175.00,1,,"91,657","71,580","62,851",42.55,NA,NA,NA,NA,"22,478",,,,,NA,,,NC,REP,,,
2001 FQ3,9/30/01,11/6/02,0.910700,0.889638,,,"1,592,452","1,592,452","923,444","669,008",,"453,715",,,"18,682","8,896","(8,007)","473,288","195,720",,"(26,689)",NA,"(26,689)",NA,890,"169,921",,NA,,,NA,"169,921",,"61,385","108,536",,"108,536","(7,117)","101,419","101,419","101,419",,0.56,0.56,"181,673,306",0.56,0.56,"181,673,306",0.55,0.55,NA,0.00,1,,"226,858","204,617","195,720",36.13,NA,NA,NA,NA,"99,083",,,,,NA,,,NC,REP,,,
2001 FQ4,12/31/01,2/14/03,0.890370,0.895478,,,"1,249,503","1,249,503","729,066","520,437",,"445,473",,,"25,935","9,304","(12,613)","468,099","52,337",,"(16,810)","10,800","(6,010)","(7,475)",NA,"38,852",,"1,953",,,695,"41,500",,"16,069","25,431",,"25,431","(3,498)","21,933","21,933","21,933",,0.12,0.12,"183,081,060",0.12,0.12,"183,081,060",0.11,0.11,0.21,NA,1,,"69,590","61,641","52,337",38.72,"138,949","138,949","(7,363)","(7,363)","20,785",,,,,"77,011",,,NC,Q4,,,
2002 FQ1,3/31/02,4/30/03,0.872380,0.876986,,,"1,436,503","1,436,503","836,645","599,858",,"493,743",,,"20,171","9,647","(9,647)","513,914","85,945",,"(16,663)",NA,"(16,663)",NA,NA,"69,282",,NA,,,NA,"69,282",,"28,941","40,341",,"40,341","(2,631)","37,710","37,710","37,710",,0.21,0.21,"181,396,800",0.21,0.21,"181,396,800",0.22,0.22,NA,NA,1,,"119,270","95,591","85,945",41.77,NA,NA,NA,NA,"40,670",,,,,NA,,,NC,REP,,,
2002 FQ2,6/30/02,9/26/03,0.987620,0.918719,,,"1,384,509","1,384,509","764,374","620,135",,"534,694",,,"21,131","10,106","(11,025)","554,906","65,229",,"(24,805)",NA,"(24,805)",NA,"(1,837)","38,586",,NA,,,NA,"38,586",,"13,781","24,805",,"24,805","(1,837)","22,968","22,968","22,968",,0.13,0.13,"181,396,800",0.13,0.13,"181,396,800",0.12,0.12,NA,168.00,1,,"101,059","75,335","65,229",35.71,NA,NA,NA,NA,"22,279",,,,,NA,,,NC,REP,,,
2002 FQ3,9/30/02,11/4/03,0.988240,0.983934,,,"1,837,989","1,837,989","1,033,131","804,858",,"543,132",,,"22,630","11,807","(11,807)","565,762","239,096",,"(22,630)",NA,"(22,630)",NA,NA,"216,466",NA,NA,NA,NA,NA,"216,466",,"80,683","135,783",NA,"135,783","(6,888)","128,895","128,895","128,895",,0.71,0.71,"181,396,800",0.71,0.71,"181,396,800",0.71,0.71,NA,0.00,1,,"277,469","250,903","239,096",37.27,NA,NA,NA,NA,"128,403",,NA,NA,,NA,NA,NA,NC,REP,,NA,NA
2002 FQ4,12/31/02,2/18/04,1.049340,1.000483,,,"1,512,149","1,512,149","869,689","642,460",,"548,648",,,"27,160","11,402","(12,012)","575,198","67,262",,"(12,574)","9,135","(3,439)","(14,686)","1,000","50,138",NA,NA,NA,NA,NA,"50,138",,"17,871","32,268",NA,"32,268","(2,682)","29,585","29,585","29,585",,0.16,0.16,"181,667,200",0.16,0.16,"181,836,544",0.16,0.16,0.25,NA,1,,"110,810","108,810","67,262",35.64,"173,923","173,923","(25,990)","(25,990)","28,654",,NA,NA,,"85,041",NA,NA,NC,Q4,,NA,NA
2003 FQ1,3/31/03,5/4/04,1.091190,1.073450,,,"1,791,589","1,791,589","1,030,512","761,076",,"608,646",,,"26,836","11,808","(11,808)","635,483","125,594",,"(19,322)",NA,"(19,322)",NA,"(2,147)","104,125",NA,NA,NA,NA,NA,"104,125",,"42,938","61,187",NA,"61,187","(6,441)","54,746","54,746","54,746",,0.30,0.30,"181,748,376",0.30,0.30,"181,748,376",0.32,0.32,NA,NA,1,,"168,532","137,402","125,594",41.24,NA,NA,NA,NA,"58,637",,NA,NA,,NA,NA,NA,NC,REP,,NA,NA
2003 FQ2,6/30/03,8/4/04,1.148320,1.136799,,,"1,582,425","1,582,425","874,199","708,226",,"612,735",,,"26,146","12,505","(11,368)","640,018","68,208",,"(11,368)",NA,"(11,368)",NA,NA,"56,840",NA,NA,NA,NA,NA,"56,840",,"21,599","35,241",NA,"35,241","1,137","36,378","36,378","36,378",,0.20,0.20,"181,754,688",0.20,0.20,"181,788,724",0.20,0.20,NA,140.63,1,,"110,270","80,713","68,208",38.00,NA,NA,NA,NA,"36,662",,NA,NA,,NA,NA,NA,NC,REP,,NA,NA
2003 FQ3,9/30/03,11/2/04,1.164540,1.126808,,,"2,087,975","2,087,975","1,147,090","940,884",,"608,476",,,"28,170","12,395","(12,395)","636,646","304,238",,"(19,156)",NA,"(19,156)",NA,NA,"285,082",NA,NA,NA,NA,NA,"285,082",,"108,174","176,909",NA,"176,909","(7,888)","169,021","169,021","169,021",,0.93,0.93,"181,815,000",0.93,0.93,"181,815,000",0.94,0.94,NA,0.00,1,,"348,184","304,238","304,238",37.95,NA,NA,NA,NA,"170,289",,NA,NA,,NA,NA,NA,NC,REP,,NA,NA
2003 FQ4,12/31/03,3/3/05,1.261330,1.191119,,,"1,612,536","1,612,536","841,087","771,449",,"693,392",,,"28,014","12,875","(13,285)","720,996","50,453",,"(28,449)","10,792","(17,657)",NA,"9,905","42,702",NA,403,NA,NA,NA,"43,104",,"13,950","29,154",NA,"29,154","1,917","31,070","31,070","31,070",,0.17,0.17,"181,815,000",0.17,0.17,"181,933,924",0.16,0.16,0.30,1.62,1,,"97,108","50,453","50,453",32.36,"215,558","215,558","(16,984)","(16,984)","28,605",,NA,NA,,"102,436",42,42,NC,Q4,,42,42
2004 FQ1,3/31/04,8/3/05,1.228870,1.250002,,,"1,881,253","1,881,253","997,502","883,751",,"657,501",,,"27,500","11,250","(11,250)","685,001","198,750",,"(13,750)",NA,"(13,750)",NA,"3,750","188,750",NA,NA,NA,NA,NA,"188,750",,"72,500","116,250","(20,000)","96,250","(6,250)","90,000","90,000","110,000",,0.50,0.60,"182,020,997",0.50,0.60,"182,020,997",0.61,0.61,NA,NA,1,,"245,000","212,500","198,750",38.41,NA,NA,NA,NA,"111,719",,NA,NA,,NA,NA,NA,RD,RSQ,,NA,NA
2004 FQ2,6/30/04,8/3/05,1.216660,1.204851,,,"1,687,997","1,687,997","860,264","827,733",,"655,439",,,"26,507","10,844","(13,253)","679,536","148,197",,"(22,892)",NA,"(22,892)",NA,"(1,205)","124,100",NA,NA,NA,NA,NA,"124,100",,"39,760","84,340","(30,121)","54,218","(1,205)","53,013","53,013","83,135",,0.29,0.45,"183,333,333",0.29,0.45,"183,333,333",0.42,0.42,NA,NA,1,,"181,933","148,197","148,197",32.04,NA,NA,NA,NA,"76,357",,NA,NA,,NA,NA,NA,RD,REP,,NA,NA
2004 FQ3,9/30/04,11/3/05,1.242010,1.222550,,,"2,149,244","2,149,244","1,110,076","1,039,168",,"671,180",,,"28,119","11,003","(13,448)","696,854","342,314",,"(18,338)",NA,"(18,338)",NA,"1,223","325,198",NA,NA,NA,NA,NA,"325,198",,"125,923","199,276","26,896","226,172","(7,335)","218,837","218,837","191,940",,1.20,1.05,"182,719,968",1.20,1.05,"182,719,968",1.07,1.07,NA,0.00,1,,"382,658","352,095","342,314",38.72,NA,NA,NA,NA,"195,914",,NA,NA,,NA,NA,NA,RD,REP,,NA,NA
2004 FQ4,12/31/04,3/1/06,1.359220,1.298140,,,"1,552,586","1,552,586","813,423","739,164",,"677,533",,,"37,314","12,859","(13,576)","714,130","25,033",,"(33,186)","17,246","(15,940)","(4,733)","3,116","7,476",NA,13,NA,NA,NA,"7,489",,"(1,039)","8,527","9,923","18,450","6,536","24,987","24,987","15,064",,0.14,0.08,"183,428,424",0.14,0.08,"247,235,288",0.06,0.05,0.42,2.36,1,,"51,993","25,033","25,033",NM,NA,NA,NA,NA,"11,209",,NA,NA,,NA,NA,NA,RD,Q4,,NA,NA
2005 FQ1,3/31/05,5/16/06,1.299630,1.311032,,,"2,194,668","2,194,668","1,139,287","1,055,381",,"769,576",,,"31,465",NA,"(13,110)","787,930","267,451",,"(24,910)","10,488","(14,421)",NA,"1,311","254,340",NA,NA,NA,NA,NA,"254,340",,"83,906","170,434","(28,843)","141,591","(3,933)","137,658","137,658","166,501",,0.75,0.91,"183,742,188",0.71,0.85,"199,829,456",0.84,0.78,NA,NA,1,,"298,915","267,451","267,451",32.99,NA,NA,NA,NA,"155,030",,NA,NA,,NA,NA,NA,RD,REP,,NA,NA
2005 FQ2,6/30/05,8/9/06,1.210620,1.258870,,,"1,908,446","1,908,446","974,365","934,081",,"726,368",,,"31,472",NA,"(13,848)","743,992","190,089",,"(21,401)","7,553","(13,848)",NA,"2,518","178,759",NA,NA,NA,NA,NA,"178,759",,"60,426","118,334","(33,989)","84,344","(1,259)","83,085","83,085","117,075",,0.45,0.64,"183,333,333",0.43,0.60,"197,058,823",0.60,0.56,NA,90.91,1,,"222,820","190,089","190,089",33.80,NA,NA,NA,NA,"110,466",,NA,NA,,NA,NA,NA,RC,REP,,NA,NA
2005 FQ3,9/30/05,11/9/06,1.205640,1.219202,,,"2,345,745","2,345,745","1,207,010","1,138,735",,"738,837",,,"30,480",NA,"(15,850)","753,467","385,268",,"(18,288)","10,973","(7,315)",NA,"(1,219)","376,734",NA,NA,NA,NA,NA,"376,734",,"124,359","252,375","13,411","265,786","(3,658)","262,128","262,128","248,717",,1.43,1.35,"183,866,908",1.32,1.26,"199,996,635",1.26,1.16,NA,0.00,1,,"415,748","385,268","385,268",33.01,"124,359","124,359",NA,NA,"231,801",,NA,NA,,NA,NA,NA,NC,REP,,NA,NA
2005 FQ4,12/31/05,3/8/07,1.179570,1.188563,,,"1,807,804","1,807,804","957,982","849,822",,"(2,103,756)",,,"(86,765)",NA,"2,999,933","809,411","40,411",,"(27,337)","15,451","(11,886)","5,943","(21,394)","13,074",NA,NA,NA,NA,NA,"13,074",,"8,320","4,754","(8,320)","(3,566)",0,"(3,566)","(3,566)","4,754",,(0.02),0.02,"196,190,604",(0.02),0.02,"196,190,604",0.04,0.04,0.39,0.00,1,,"103,405","80,822","40,411",63.64,"96,274","96,274","(87,954)","(87,954)","8,171",,NA,NA,,"74,879","3,152","3,152",RS,Q4,,"3,152","3,152"
2006 FQ1,3/31/06,5/8/07,1.210130,1.202898,,,"2,957,927","2,957,927","1,626,318","1,331,608",,NA,,,NA,NA,"1,033,290","1,033,290","298,319",,"(58,942)","25,261","(33,681)",NA,NA,"264,638",NA,NA,NA,NA,NA,"264,638",,"84,203","180,435",NA,"180,435","(7,217)","173,217","173,217","173,217",,0.85,0.85,"203,260,848",0.81,0.81,"219,307,298",0.78,0.72,NA,NA,1,,"346,435","298,319","298,319",31.82,"84,203","84,203",NA,NA,"158,181",,NA,NA,,NA,NA,NA,RC,REP,,NA,NA
2006 FQ2,6/30/06,8/8/07,1.278630,1.258481,,,"3,055,591","3,055,591","1,691,398","1,364,193",,NA,,,NA,NA,"1,146,476","1,146,476","217,717",,"(62,924)","6,292","(56,632)",NA,NA,"161,086",NA,NA,NA,NA,NA,"161,086",,"56,632","104,454",NA,"104,454","(1,258)","103,195","103,195","103,195",,0.51,0.51,"203,268,960",0.49,0.49,"219,308,507",0.49,0.45,NA,80.49,1,,"281,900","217,717","217,717",35.16,"56,632","56,632",NA,NA,"99,420",,NA,NA,,NA,NA,NA,NC,REP,,NA,NA
2006 FQ3,9/30/06,11/8/07,1.266750,1.274154,,,"3,757,481","3,757,481","2,066,678","1,690,803",,NA,,,NA,NA,"1,169,674","1,169,674","521,129",,"(70,078)","7,645","(62,434)",NA,NA,"458,696",NA,NA,NA,NA,NA,"458,696",,"141,431","317,264",NA,"317,264","(6,371)","310,894","310,894","310,894",,1.53,1.53,"203,337,185",1.43,1.43,"217,857,143",1.38,1.29,NA,0.00,1,,"595,030","521,129","521,129",30.83,NA,NA,NA,NA,"280,314",,NA,NA,,NA,NA,NA,NC,REP,,NA,NA
2006 FQ4,12/31/06,3/7/08,1.318650,1.289365,,,"2,898,491","2,898,491","1,638,782","1,259,709",,"2,052,668",,,NA,NA,"(872,900)","1,179,769","79,941",,"(39,970)","5,157","(34,813)","2,579","(16,762)","30,945",NA,NA,"1,289","(14,183)",NA,"18,051",,"1,289","16,762",NA,"16,762","1,289","18,051","18,051","18,051",,0.09,0.09,"203,532,861",0.09,0.09,"219,503,226",0.10,0.09,0.54,0.00,1,,"153,434","79,941","79,941",7.14,NA,NA,NA,NA,"20,630",,NA,"2,052,668",,"126,358",777,777,NC,Q4,,NA,777
2007 FQ1,3/31/07,5/6/08,1.331120,1.310492,,,"3,326,028","3,326,028","1,769,164","1,556,864",,NA,,,NA,NA,"1,256,761","1,256,761","300,103",,"(58,972)","9,173","(49,799)",NA,NA,"250,304",NA,NA,NA,NA,NA,"250,304",,"81,250","169,053",NA,"169,053","(1,310)","167,743","167,743","167,743",,0.82,0.82,"203,563,033",0.78,0.78,"219,446,522",0.76,0.71,NA,NA,1,,"368,248","300,103","300,103",32.46,NA,NA,NA,NA,"155,129",,NA,NA,,NA,NA,NA,NC,REP,,NA,NA
2007 FQ2,6/30/07,8/5/08,1.350570,1.348620,,,"3,236,689","3,236,689","1,701,959","1,534,730",,NA,,,NA,NA,"1,281,189","1,281,189","253,541",,"(60,688)","13,486","(47,202)",NA,NA,"206,339",NA,NA,NA,NA,NA,"206,339",,"66,082","140,257",NA,"140,257",NA,"140,257","140,257","140,257",,0.69,0.69,"203,565,047",0.66,0.66,"212,244,898",0.63,0.61,NA,81.73,1,,"320,972","253,541","253,541",32.03,NA,NA,NA,NA,"128,962",,NA,NA,,NA,NA,NA,NC,REP,,NA,NA
2007 FQ3,9/30/07,11/10/08,1.422130,1.374636,,,"4,042,806","4,042,806","2,078,450","1,964,355",,NA,,,NA,NA,"1,316,902","1,316,902","647,454",,"(56,360)","15,121","(41,239)",NA,NA,"606,215",NA,NA,NA,NA,NA,"606,215",,"193,824","412,391",NA,"412,391","(2,749)","409,642","409,642","409,642",,2.01,2.01,"203,621,193",1.88,1.88,"217,518,248",1.85,1.73,NA,0.00,1,,"716,186","647,454","647,454",31.97,NA,NA,NA,NA,"376,135",,NA,NA,,NA,NA,NA,NC,REP,,NA,NA
2007 FQ4,12/31/07,2/16/09,1.462060,1.448110,,,"3,504,427","3,504,427","1,872,406","1,632,020",,"2,469,028",,,NA,NA,"(897,828)","1,571,200","60,821",,"(53,580)","2,896","(50,684)","10,137","(2,896)","17,377",NA,NA,"30,410","(4,344)",NA,"43,443",,"13,033","30,410",NA,"30,410",0,"30,410","30,410","30,410",,0.16,0.16,"190,909,090",0.16,0.16,"190,909,090",0.06,0.06,0.72,0.00,1,,"147,707","60,821","60,821",30.00,NA,NA,NA,NA,"10,861",,NA,"2,469,028",,"121,641",746,746,RC,Q4,,NA,746
2008 FQ1,3/31/08,5/6/09,1.584540,1.499058,,,"3,929,031","3,929,031","1,998,244","1,930,787",,NA,,,NA,NA,"1,509,551","1,509,551","421,235",,"(56,964)","8,994","(47,970)",NA,"1,499","374,765",NA,NA,NA,NA,NA,"374,765",,"119,925","254,840",NA,"254,840","(1,499)","253,341","253,341","253,341",,1.25,1.25,"202,443,070",1.18,1.18,"218,240,051",1.15,1.07,NA,NA,1,,"496,188","421,235","421,235",32.00,NA,NA,NA,NA,"232,729",,NA,NA,,NA,NA,NA,NC,REP,,NA,NA
2008 FQ2,6/30/08,8/6/09,1.575540,1.562320,,,"3,938,609","3,938,609","1,965,399","1,973,210",,NA,,,NA,NA,"1,648,248","1,648,248","324,963",,"(76,554)","15,623","(60,930)",NA,NA,"264,032",NA,NA,NA,NA,NA,"264,032",,"81,241","182,791",NA,"182,791","(1,562)","181,229","181,229","181,229",,0.92,0.92,"196,610,169",0.87,0.87,"207,142,857",0.83,0.79,NA,85.35,1,,"414,015","324,963","324,963",30.77,NA,NA,NA,NA,"163,458",,NA,NA,,NA,NA,NA,NC,REP,,NA,NA
2008 FQ3,9/30/08,11/5/09,1.404600,1.504467,,,"4,638,271","4,638,271","2,365,022","2,273,249",,NA,,,NA,NA,"1,561,636","1,561,636","711,613",,"(73,719)","10,531","(63,188)",NA,NA,"648,425",NA,NA,NA,NA,NA,"648,425",,"192,572","455,853",NA,"455,853","(1,504)","454,349","454,349","454,349",,2.32,2.32,"195,806,311",2.17,2.17,"209,722,222",2.06,1.93,NA,0.00,1,,"794,358","711,613","711,613",29.70,NA,NA,NA,NA,"403,761",,NA,NA,,NA,NA,NA,NC,REP,,NA,NA
2008 FQ4,12/31/08,3/4/10,1.390000,1.319157,,,"3,395,510","3,395,510","1,820,437","1,575,073",,"1,989,289",,,NA,NA,"(522,386)","1,466,903","108,171",,"(55,405)","18,468","(36,936)","(32,979)",NA,"38,256","27,702",NA,"13,192","(7,915)",NA,"71,234",,0,"71,234",NA,"71,234",0,"71,234","71,234","71,234",,0.37,0.37,"193,645,201",0.37,0.37,"209,318,630",0.12,0.11,0.66,0.00,1,,"195,235","188,639","108,171",0.00,NA,"436,641",NA,"(93,660)","23,910",,NA,"1,989,289",,"106,852",NA,NA,RC,Q4,,NA,NA
2009 FQ1,3/31/09,5/4/10,1.327720,1.303398,,,"3,358,856","3,358,856","1,843,004","1,515,852",,"341,490",,,NA,NA,"1,102,674","1,444,165","71,687",,"(72,990)","7,820","(65,170)",NA,"1,303","7,820",NA,NA,"2,607",NA,NA,"10,427",,"5,214","5,214",NA,"5,214","1,303","6,517","6,517","6,517",,0.03,0.03,"193,515,512",0.03,0.03,"193,515,512",0.03,0.03,NA,NA,1,,"161,621","71,687","71,687",50.00,NA,NA,NA,NA,"6,191",,"341,490","341,490",,NA,NA,NA,RC,REP,,NA,NA
2009 FQ2,6/30/09,8/4/10,1.402640,1.362819,,,"3,348,447","3,348,447","1,842,532","1,505,915",,NA,,,NA,NA,"1,407,792","1,407,792","98,123",,"(64,053)","4,088","(59,964)",NA,NA,"38,159",NA,NA,NA,NA,NA,"38,159",,"27,256","10,903",NA,"10,903","1,363","12,265","12,265","12,265",,0.06,0.06,"193,515,512",0.06,0.06,"193,515,512",0.13,0.13,NA,NM,1,,"189,432","98,123","98,123",71.43,NA,NA,NA,NA,"25,212",,NA,NA,,NA,NA,NA,NC,REP,,NA,NA
2009 FQ3,9/30/09,10/29/10,1.461660,1.430116,,,"4,130,176","4,130,176","2,261,014","1,869,162",,NA,,,NA,NA,"1,388,643","1,388,643","480,519",,"(55,775)","12,871","(42,903)",NA,NA,"437,616",NA,NA,NA,NA,NA,"437,616",,"133,001","304,615",NA,"304,615",NA,"304,615","304,615","304,615",,1.57,1.57,"193,515,512",1.47,1.47,"206,796,117",1.41,1.32,NA,0.00,1,,"579,197","480,519","480,519",30.39,NA,NA,NA,NA,"273,510",,NA,NA,,NA,NA,NA,NC,REP,,NA,NA
2009 FQ4,12/31/09,2/15/11,1.434780,1.477341,,,"3,631,304","3,631,304","1,953,045","1,678,259",,"927,770",,,NA,NA,"654,462","1,582,232","96,027",,"(1,477)","1,477",0,"(36,934)","(4,432)","54,662",NA,NA,"19,205","(51,707)",NA,"22,160",,"(7,387)","29,547",NA,"29,547","(1,477)","28,069","28,069","28,069",,0.14,0.14,"196,220,166",0.13,0.13,"211,111,111",0.17,0.16,0.52,0.00,1,,"181,713","96,027","96,027",NM,NA,"230,465",NA,"(63,526)","32,686",,NA,"927,770",,"33,979",NA,NA,RC,Q4,,NA,NA
2010 FQ1,3/31/10,5/5/11,1.353100,1.382742,,,"3,697,451","3,697,451","1,899,887","1,797,564",,"374,723",,,NA,NA,"1,081,304","1,456,027","341,537",,"(40,100)","16,593","(23,507)",NA,NA,"318,031",NA,NA,"17,976",NA,NA,"336,006",,"102,323","233,683",NA,"233,683","(1,383)","232,301","232,301","232,301",,1.11,1.11,"209,216,186",1.11,1.11,"209,216,186",0.94,0.94,NA,NA,1,,"423,119","341,537","341,537",30.45,NA,NA,NA,NA,"197,386",,"374,723","374,723",,NA,NA,NA,NC,REP,,NA,NA
2010 FQ2,6/30/10,8/1/11,1.224900,1.272868,,,"3,712,955","3,712,955","1,896,573","1,816,382",,NA,,,NA,NA,"1,568,173","1,568,173","248,209",,"(38,186)","14,002","(24,184)",NA,NA,"224,025",NA,NA,NA,NA,NA,"224,025",,"63,643","160,381",NA,"160,381",NA,"160,381","160,381","160,381",,0.77,0.77,"209,216,186",0.76,0.76,"210,000,000",0.67,0.67,NA,57.94,1,,"328,400","248,209","248,209",28.41,NA,NA,NA,NA,"140,015",,NA,NA,,NA,NA,NA,NC,REP,,NA,NA
2010 FQ3,9/30/10,11/3/11,1.365200,1.292845,,,"4,483,587","4,483,587","2,362,028","2,121,559",,NA,,,NA,NA,"1,590,200","1,590,200","531,359",,"(47,835)","7,757","(40,078)",NA,NA,"491,281",NA,NA,NA,NA,NA,"491,281",,"147,384","343,897",NA,"343,897",NA,"343,897","343,897","343,897",,1.64,1.64,"209,216,186",1.64,1.64,"209,216,186",1.47,1.47,NA,0.00,1,,"637,373","531,359","531,359",30.00,NA,NA,NA,NA,"307,051",,NA,NA,,NA,NA,NA,NC,REP,,NA,NA
2010 FQ4,12/31/10,3/8/12,1.341382,1.357560,,,"3,979,008","3,979,008","2,130,011","1,848,996",,"988,303",,,NA,NA,"814,536","1,802,839","46,157",,"(33,939)","2,715","(31,224)","2,715","(1,358)","16,291",NA,NA,"12,218","(19,006)",NA,"9,503",,0,"9,503",NA,"9,503",0,"9,503","9,503","9,503",,0.04,0.04,"209,216,186",0.04,0.04,"209,216,186",0.05,0.05,1.09,0.00,1,,"111,999","46,157","46,157",0.00,NA,"426,274",NA,"(103,175)","10,182",,NA,"988,303",,"138,471",NA,NA,NC,Q4,,NA,NA
2011 FQ1,3/31/11,5/3/12,1.419245,1.369149,,,"4,481,226","4,481,226","2,308,386","2,172,840",,"465,511",,,NA,NA,"1,280,155","1,745,665","427,175",,"(45,182)","6,846","(38,336)",NA,NA,"388,838",NA,NA,"1,369",NA,NA,"390,208",,"104,055","286,152",NA,"286,152",NA,"286,152","286,152","286,152",,1.37,1.37,"209,216,186",1.37,1.37,"209,216,186",1.16,1.16,NA,NA,1,,"507,954","427,175","427,175",26.67,NA,NA,NA,NA,"243,024",,"465,511","465,511",,NA,NA,NA,NC,REP,,NA,NA
2011 FQ2,6/30/11,8/2/12,1.449696,1.439578,,,"4,410,869","4,410,869","2,242,863","2,168,005",,NA,,,NA,NA,"1,852,738","1,852,738","315,268",,"(43,187)","11,517","(31,671)",NA,NA,"283,597",NA,NA,NA,NA,NA,"283,597",,"82,056","201,541",NA,"201,541",NA,"201,541","201,541","201,541",,0.96,0.96,"209,216,186",0.96,0.96,"209,216,186",0.85,0.85,NA,119.29,1,,"398,763","315,268","315,268",28.93,NA,NA,NA,NA,"177,248",,NA,NA,,NA,NA,NA,NC,REP,,NA,NA
2011 FQ3,9/30/11,11/8/12,1.342642,1.412120,,,"5,286,979","5,286,979","2,798,823","2,488,156",,NA,,,NA,NA,"1,865,411","1,865,411","622,745",,"(46,600)","14,121","(32,479)",NA,NA,"590,266",NA,NA,NA,NA,NA,"590,266",,"160,982","429,285",NA,"429,285","(1,412)","427,872","427,872","427,872",,2.04,2.04,"209,216,186",2.04,2.04,"209,216,186",1.76,1.76,NA,0.00,1,,"710,297","622,745","622,745",27.27,NA,NA,NA,NA,"367,504",,NA,NA,,NA,NA,NA,NC,REP,,NA,NA
2011 FQ4,12/31/11,3/7/13,1.298701,1.347295,,,"4,366,584","4,366,584","2,380,671","1,985,913",,"1,029,334",,,NA,NA,"1,021,250","2,050,583","(64,670)",,"(14,820)","8,084","(6,736)","(9,431)","1,347","(79,490)",NA,NA,NA,"1,347","36,377","(41,766)",,"18,862","(60,628)",NA,"(60,628)","8,084","(52,545)","(52,545)","(52,545)",,(0.26),(0.26),"200,000,000",(0.27),(0.27),"200,000,000",(0.21),(0.21),1.35,0.00,1,,"(29,640)","(64,670)","(64,670)",NM,NA,"389,368",NA,"(37,724)","(41,598)",,NA,"1,029,334",,"154,939",NA,NA,RS,Q4,,NA,NA
2012 FQ1,3/31/12,5/3/13,1.332268,1.310900,,,"5,012,880","5,012,880","2,619,177","2,393,703",,"458,815",,,NA,NA,"1,398,730","1,857,545","536,158",,"(36,705)","10,487","(26,218)",NA,NA,"509,940",NA,NA,NA,NA,NA,"509,940",,"129,779","380,161",NA,"380,161","(1,311)","378,850","378,850","378,850",,1.81,1.81,"209,216,186",1.81,1.81,"209,216,186",1.52,1.52,NA,NA,1,,"618,745","536,158","536,158",25.45,NA,NA,NA,NA,"317,402",,"458,815","458,815",,NA,NA,NA,RC,REP,,NA,NA
2012 FQ2,6/30/12,8/8/13,1.268714,1.283035,,,"4,512,433","4,512,433","2,335,123","2,177,310",,NA,,,NA,NA,"1,848,853","1,848,853","328,457",,"(37,208)","10,264","(26,944)",NA,NA,"301,513",NA,NA,NA,NA,NA,"301,513",,"91,095","210,418",NA,"210,418","1,283","211,701","211,701","211,701",,1.01,1.01,"209,216,186",1.01,1.01,"209,216,186",0.91,0.91,NA,126.67,1,,"410,571","328,457","328,457",30.21,NA,NA,NA,NA,"189,729",,NA,NA,,NA,NA,NA,NC,REP,,NA,NA
2012 FQ3,9/30/12,11/7/13,1.286505,1.250831,,,"5,219,718","5,219,718","2,745,574","2,474,144",,NA,,,,,"1,856,233","1,856,233","617,911",,"(33,772)","15,010","(18,762)",,NA,"599,148",,,,,,"599,148",,"170,113","429,035",NA,"429,035","1,251","430,286","430,286","430,286",,2.06,2.06,"209,216,186",2.05,2.05,"209,216,186",1.80,1.80,,0.00,1,,"705,469","617,911","617,911",28.39,,,,,"375,718",,,,,,,,NC,REP,,,
2012 FQ4,12/31/12,3/5/14,1.318739,1.297393,,,"4,370,915","4,370,915","2,291,195","2,079,720",,"779,733",NA,NA,,,"1,268,850","2,048,583","31,137",,"(16,866)","7,784","(9,082)","(9,082)","1,297","14,271","(343,809)","(1,297)","6,487","(3,892)",NA,"(328,240)",,"25,948","(354,188)",NA,"(354,188)","1,297","(352,891)","(352,891)","(352,891)",,(1.69),(1.69),"209,230,769",(1.69),(1.69),"209,230,769",0.05,0.05,1.75,0.00,1,,"57,085","31,137","31,137",NM,,"528,039",,"(103,791)","10,217",,NA,"779,733",NA,"166,066",NA,NA,RC,Q4,,,NA
2013 FQ1,3/31/13,5/6/14,1.281558,1.320053,,,"4,951,518","4,951,518","2,468,499","2,483,019",,"479,179",NA,NA,,,"1,419,057","1,898,236","584,783",,"(25,081)","5,280","(19,801)",NA,NA,"564,983",NA,NA,"(1,320)",NA,NA,"563,663",,"155,766","407,896",NA,"407,896","(1,320)","406,576","406,576","406,576",,1.94,1.94,"209,216,186",1.94,1.94,"209,216,186",1.68,1.68,NA,NA,1,,"674,547","584,783","584,783",27.64,,NA,,NA,"351,794",,"479,179","479,179",NA,NA,NA,NA,RC,REP,,,NA
2013 FQ2,6/30/13,8/7/14,1.299545,1.305723,,,"4,417,260","4,417,260","2,205,366","2,211,894",,NA,NA,NA,,,"1,882,852","1,882,852","329,042",,"(28,726)","7,834","(20,892)",NA,NA,"308,151",NA,NA,NA,NA,NA,"308,151",,"84,872","223,279",NA,"223,279","1,306","224,584","224,584","224,584",,1.07,1.07,"209,216,186",1.07,1.07,"209,216,186",0.93,0.93,NA,163.95,1,,"416,526","329,042","329,042",27.54,,NA,,NA,"193,900",,NA,NA,NA,NA,NA,NA,NC,REP,,,NA
2013 FQ3,9/30/13,11/6/14,1.353730,1.324438,,,"5,137,496","5,137,496","2,603,846","2,533,651",,NA,NA,NA,,,"1,920,436","1,920,436","613,215",,"(34,435)","6,622","(27,813)",NA,NA,"585,402",NA,NA,NA,NA,NA,"585,402",,"164,230","421,171",NA,"421,171","(2,649)","418,523","418,523","418,523",,2.00,2.00,"209,216,186",2.00,2.00,"209,216,186",1.74,1.74,NA,0.00,1,,"709,899","613,215","613,215",28.05,,NA,,NA,"363,227",,NA,NA,NA,NA,NA,NA,NC,REP,,,NA
2013 FQ4,12/31/13,3/5/15,1.377790,1.361409,,,"4,736,343","4,736,343","2,487,295","2,249,048",,"743,329",NA,NA,,,"1,379,108","2,122,437","126,611",,"(8,168)","13,614","5,446","(24,505)","1,361","108,913","(70,793)","(4,084)","8,168","(2,723)",NA,"39,481",,"51,734","(12,253)",NA,"(12,253)",0,"(12,253)","(12,253)","(12,253)",,(0.06),(0.06),"200,000,000",(0.07),(0.07),"200,000,000",0.34,0.34,2.04,0.00,1,,"167,453","126,611","126,611",131.03,,"487,385",,"(19,060)","68,070",,NA,"743,329",NA,"174,260",NA,NA,O,Q4,,,NA
2014 FQ1,3/31/14,5/5/15,1.378360,1.370335,,,"4,768,766","4,768,766","2,424,123","2,344,643",,"168,551",NA,NA,,,"1,755,399","1,923,950","420,693",,"(27,407)","9,592","(17,814)",NA,NA,"402,879",NA,NA,NA,NA,NA,"402,879",,"116,478","286,400","(4,111)","282,289","(2,741)","279,548","279,548","283,659",,1.34,1.36,"209,216,186",1.31,1.33,"215,233,140",1.19,1.16,NA,NA,1,,"515,246","420,693","420,693",28.91,,NA,,NA,"249,058",,"168,551","168,551",NA,NA,NA,NA,RD,REP,,,NA
2014 FQ2,6/30/14,8/8/15,1.368738,1.371462,,,"4,662,969","4,662,969","2,368,514","2,294,455",,NA,NA,NA,,,"1,992,734","1,992,734","301,722",,"(27,429)","6,857","(20,572)",NA,"(1,371)","279,778",NA,NA,"(2,743)",NA,NA,"277,035",,"80,916","196,119","2,743","198,862","(1,371)","197,490","197,490","194,748",,0.94,0.93,"209,216,186",0.94,0.93,"209,216,186",0.83,0.83,NA,218.06,1,,"404,581","301,722","301,722",29.21,,NA,,NA,"173,490",,NA,NA,NA,NA,NA,NA,RD,REP,,,NA
2014 FQ3,9/30/14,11/5/15,1.263105,1.325496,,,"5,360,305","5,360,305","2,818,004","2,542,301",,NA,NA,NA,,,"2,013,428","2,013,428","528,873",,"(15,906)","6,627","(9,278)",NA,NA,"519,594",NA,NA,NA,NA,NA,"519,594",,"148,456","371,139","5,302","376,441","(2,651)","373,790","373,790","368,488",,1.79,1.76,"209,216,186",1.79,1.76,"209,216,186",1.54,1.54,NA,0.00,1,,"629,610","528,873","528,873",28.57,,NA,,NA,"322,095",,NA,NA,NA,NA,NA,NA,RD,REP,,,NA
2014 FQ4,12/31/14,3/3/16,1.210507,1.248719,,,"4,507,877","4,507,877","2,483,703","2,024,174",,"6,621,959",NA,"157,339",,,"(4,815,062)","1,964,236","59,939",,"(14,985)","4,995","(9,990)","(3,746)",0,"46,203","(97,400)","(2,497)","7,492","(19,980)",NA,"(66,182)",,"18,731","(84,913)","(88,659)","(173,572)","(1,249)","(174,821)","(174,821)","(86,162)",,(0.84),(0.41),"208,955,223",(0.84),(0.42),"208,955,223",0.13,0.13,1.87,0.00,1,,"101,146","61,187","59,939",NM,,"393,347",,"(53,695)","27,628",,NA,"5,310,804","1,311,155","157,339",NA,NA,RC,Q4,,,NA
2015 FQ1,3/31/15,5/4/16,1.073422,1.126887,,,"4,601,081","4,601,081","2,337,164","2,263,917",,NA,NA,NA,,,"1,854,857","1,854,857","409,060",,"(18,030)","18,030",0,NA,NA,"409,060","(20,284)",NA,NA,NA,NA,"388,776",,"121,704","267,072","(15,776)","251,296","(2,254)","249,042","249,042","264,819",,1.22,1.30,"204,153,362",1.22,1.30,"204,153,362",1.24,1.24,NA,NA,1,,"496,957","409,060","409,060",31.30,,NA,,NA,"253,409",,NA,NA,NA,NA,NA,NA,NC,REP,,,NA
2015 FQ2,6/30/15,8/4/16,1.112471,1.106567,,,"4,323,356","4,323,356","2,233,052","2,090,304",,NA,NA,NA,,,"1,832,474","1,832,474","257,830",,"(18,812)","8,853","(9,959)",NA,"1,107","248,978",NA,NA,NA,NA,NA,"248,978",,"87,419","161,559","1,107","162,665","(1,107)","161,559","161,559","160,452",,0.80,0.80,"201,644,392",0.80,0.80,"201,644,392",0.77,0.77,NA,207.53,1,,"349,675","257,830","257,830",35.11,,NA,,NA,"154,504",,NA,NA,NA,NA,NA,NA,RC,REP,,,NA
2015 FQ3,9/30/15,11/3/16,1.116071,1.111629,,,"5,289,129","5,289,129","2,727,937","2,561,193",,NA,NA,NA,,,"1,999,820","1,999,820","561,372",,"(20,009)","8,893","(11,116)",NA,NA,"550,256",NA,NA,NA,NA,NA,"550,256",,"175,637","374,619","(25,567)","349,051","(3,335)","345,717","345,717","371,284",,1.73,1.85,"200,197,417",1.72,1.85,"200,645,161",1.70,1.70,NA,0.00,1,,"654,749","561,372","561,372",31.92,,NA,,NA,"340,575",,NA,NA,NA,NA,NA,NA,NC,REP,,,NA
2015 FQ4,12/31/15,3/8/17,1.086130,1.095102,,,"4,563,289","4,563,289","2,411,414","2,151,875",,"7,325,135",NA,"152,219",,,"(5,334,240)","2,143,114","8,761",,"(27,378)",NA,"(27,378)","27,378",0,"8,761","(17,522)",NA,"1,095","(19,712)",NA,"(27,378)",,"8,761","(36,138)","(10,951)","(47,089)","(1,095)","(48,184)","(48,184)","(37,233)",,(0.24),(0.19),"200,000,000",(0.25),(0.20),"200,000,000",0.02,0.02,1.75,0.00,1,,"45,994","8,761","8,761",NM,,"480,750",,"(94,179)","4,380",,NA,"5,846,748","1,478,387","152,219",NA,NA,RC,Q4,,,NA
2016 FQ1,3/31/16,8/3/17,1.139341,1.102571,,,"5,029,927","5,029,927","2,505,040","2,524,887",,NA,NA,NA,,,"1,951,550","1,951,550","573,337",,"(14,333)","22,051","7,718",NA,"(2,205)","578,850",NA,NA,NA,NA,NA,"578,850",,"173,104","405,746","(19,846)","385,900",0,"385,900","385,900","405,746",,1.93,2.03,"199,705,179",1.88,1.98,"207,724,599",1.81,1.74,NA,NA,1,,"668,158","573,337","573,337",29.91,,NA,,NA,"361,781",,NA,NA,NA,NA,NA,NA,RS,RSQ,,,NA
2016 FQ2,6/30/16,8/3/17,1.109878,1.129232,,,"4,741,645","4,741,645","2,400,747","2,340,898",,NA,NA,NA,,,"1,856,457","1,856,457","484,440",,"(15,809)","10,163","(5,646)",NA,"2,258","481,053",NA,NA,NA,NA,NA,"481,053",,"140,025","341,028","(11,292)","329,736","(1,129)","328,606","328,606","339,899",,1.64,1.69,"200,689,655",1.60,1.66,"204,929,577",1.49,1.46,NA,NA,1,,"574,779","484,440","484,440",29.11,,NA,,NA,"299,529",,NA,NA,NA,NA,NA,NA,RD,REP,,,NA
2016 FQ3,9/30/16,11/9/17,1.124101,1.116165,,,"5,828,614","5,828,614","3,027,039","2,801,574",,NA,NA,NA,,,"2,140,804","2,140,804","660,770",,"(26,788)","6,697","(20,091)",NA,"(1,116)","639,563",NA,NA,NA,NA,NA,"639,563",,"185,283","454,279","(22,323)","431,956","(1,116)","430,840","430,840","453,163",,2.15,2.27,"200,000,000",2.10,2.21,"205,319,148",1.99,1.94,NA,0.00,1,,"767,922","660,770","660,770",28.97,,NA,,NA,"398,610",,NA,NA,NA,NA,NA,NA,RD,REP,,,NA
2016 FQ4,12/31/16,3/14/18,1.054630,1.077748,,,"4,849,865","4,849,865","2,449,721","2,400,144",,"7,774,872",NA,"160,584",,,"(5,479,270)","2,456,187","(56,043)",,"(34,488)",NA,"(34,488)","5,389","1,078","(84,064)",NA,"(5,389)","45,265","(19,399)","74,365","10,777",,"6,466","4,311","(15,088)","(10,777)",0,"(10,777)","(10,777)","4,311",,(0.05),0.02,"200,000,000",(0.05),0.02,"200,000,000",(0.26),(0.26),2.16,0.00,1,,"(29,099)","(54,965)","(56,043)",60.00,,NA,,NA,"(52,540)",,NA,"6,045,087","1,729,785","160,584",754,754,RD,Q4,,,754
2017 FQ1,3/31/17,5/3/18,1.069976,1.065605,,,"5,804,352","5,804,352","2,924,021","2,880,331",,"2,261,214",NA,NA,,,"(59,674)","2,201,540","678,791",,"(21,312)","29,837","8,525",NA,NA,"687,315",NA,NA,NA,NA,NA,"687,315",,"195,006","492,310","(6,394)","485,916","(1,066)","484,850","484,850","491,244",,2.41,2.44,"201,209,054",2.38,2.41,"204,273,231",2.13,2.10,NA,NA,1,,"791,745","678,791","678,791",28.37,,NA,,NA,"428,506",,"671,331","671,331",NA,NA,NA,NA,RD,REP,,,NA
2017 FQ2,6/30/17,8/9/18,1.140901,1.101298,,,"5,548,340","5,548,340","2,767,562","2,780,778",,NA,NA,NA,,,"2,223,521","2,223,521","557,257",,"(28,634)","7,709","(20,925)",NA,"(1,101)","535,231",NA,NA,NA,NA,NA,"535,231",,"153,080","382,150","(208,145)","174,005",NA,"174,005","174,005","382,150",,0.86,1.89,"202,564,102",0.86,1.89,"202,564,102",1.65,1.65,NA,256.33,1,,"669,589","557,257","557,257",28.60,,NA,,NA,"334,519",,NA,NA,NA,NA,NA,NA,NC,REP,,,NA
2017 FQ3,9/30/17,11/7/18,1.182313,1.174938,,,"6,670,121","6,670,121","3,306,274","3,363,846",,"2,502,617",NA,NA,,,"(74,021)","2,428,596","935,250",,"(41,123)","8,225","(32,898)",NA,0,"902,352",NA,NA,NA,NA,NA,"902,352",,"257,311","645,041","(25,849)","619,192","(1,175)","618,017","618,017","643,866",,3.05,3.18,"202,756,583",3.02,3.15,"204,236,828",2.78,2.76,NA,0.00,1,,"1,073,893","935,250","935,250",28.52,,NA,,NA,"562,795",,"783,683","783,683",NA,NA,NA,NA,NC,REP,,,NA
2017 FQ4,12/31/17,3/13/19,1.200768,1.177619,,,"5,954,042","5,954,042","2,876,923","3,077,118",,"2,679,083","43,572",NA,,,"204,906","2,927,561","149,558",,"(11,776)","15,309","3,533","22,375","(35,329)","140,137",NA,NA,"3,533",NA,"1,178","144,847",,"149,558","(4,710)","(43,572)","(48,282)","(1,178)","(49,460)","(49,460)","(5,888)",,(0.24),(0.03),"205,000,000",(0.24),(0.03),"205,000,000",0.42,0.42,3.06,0.00,1,,"206,083","149,558","149,558",103.25,,"764,275",,"22,375","86,408",,NA,"6,022,343","1,846,507","220,215","39,804","39,804",RC,Q4,,,"39,804"
2018 FQ1,3/31/18,5/3/19,1.231982,1.228672,,,"6,816,671","6,816,671","3,333,386","3,483,284",,"2,614,613",NA,NA,,,"(46,690)","2,567,924","915,360",,"(19,659)","23,345","3,686",NA,"2,457","921,504",NA,NA,NA,NA,NA,"921,504",,"255,564","665,940","(1,229)","664,711","(1,229)","663,483","663,483","664,711",,3.25,3.26,"203,878,332",3.25,3.26,"204,249,548",2.82,2.81,NA,NA,1,,"1,054,200","915,360","915,360",27.73,,NA,,NA,"574,711",,NA,"867,442",NA,NA,NA,NA,RC,REP,,,NA
2018 FQ2,6/30/18,8/8/19,1.166725,1.191613,,,"6,269,075","6,269,075","2,989,757","3,279,318",,"2,632,273",NA,NA,,,"(60,772)","2,571,500","707,818",,"(21,449)","16,683","(4,766)",NA,"(3,575)","699,477",NA,NA,NA,NA,NA,"699,477",,"201,383","498,094","(25,024)","473,070","(1,192)","471,879","471,879","496,903",,2.32,2.45,"203,076,923",2.32,2.45,"203,076,923",2.15,2.15,NA,133.33,1,,"835,321","707,818","707,818",28.79,,NA,,NA,"435,981",,NA,"842,470",NA,NA,NA,NA,RC,REP,,,NA
2018 FQ3,9/30/18,11/6/19,1.161845,1.163041,,,"6,830,537","6,830,537","3,290,242","3,540,295",,"2,548,222",NA,NA,,,"(53,500)","2,494,722","1,045,573",,"(8,141)","15,120","6,978",NA,"2,326","1,054,878",NA,NA,NA,NA,NA,"1,054,878",,"291,923","762,955","3,489","766,444","(1,163)","765,281","765,281","761,792",,3.81,3.80,"200,609,756",3.80,3.79,"201,223,241",3.28,3.27,NA,NA,1,,"1,190,954","1,045,573","1,045,573",27.67,,NA,,NA,"658,136",,NA,"829,248",NA,NA,NA,NA,RC,REP,,,NA
2018 FQ4,12/31/18,3/11/20,1.144951,1.141147,,,"5,971,620","5,971,620","2,854,008","3,117,613",,"2,851,725",NA,NA,,,"73,033","2,924,759","192,854",,"(53,634)",NA,"(53,634)",NA,"61,622","200,842",NA,NA,NA,"(46,787)",NA,"154,055",,"46,787","107,268","15,976","123,244",0,"123,244","123,244","107,268",,0.62,0.54,"199,412,160",0.62,0.54,"199,782,922",0.63,0.63,3.82,0.00,1,,"358,320","192,854","192,854",30.37,,NA,,NA,"125,526",,NA,"6,076,606","1,798,447",NA,NA,NA,RC,Q4,,,NA
2019 FQ1,3/31/19,4/27/20,1.122334,1.135829,,,"6,682,081","6,682,081","3,103,084","3,578,997",,"2,631,715",NA,NA,,,"(46,569)","2,585,146","993,850",,"(39,754)","9,087","(30,667)",NA,NA,"963,183",NA,NA,NA,NA,NA,"963,183",,"246,475","716,708","2,272","718,980","(1,136)","717,844","717,844","715,572",,3.61,3.60,"198,742,138",3.61,3.60,"198,742,138",3.02,3.02,NA,NA,1,,"1,318,697","993,850","993,850",25.59,,NA,,NA,"600,853",,NA,"798,488",NA,NA,NA,NA,NC,REP,,,NA
2019 FQ2,6/30/19,8/6/20,1.137915,1.123667,,,"6,190,280","6,190,280","2,881,081","3,309,198",,"2,636,122",NA,NA,,,"(49,441)","2,586,681","722,518",,"(48,318)","20,226","(28,092)",NA,NA,"694,426",NA,NA,NA,NA,NA,"694,426",,"176,416","518,010","78,657","596,667",NA,"596,667","596,667","518,010",,3.01,2.61,"198,134,328",3.01,2.61,"198,134,328",2.19,2.19,NA,125.05,1,,"1,075,349","722,518","722,518",25.41,,NA,,NA,"434,016",,NA,"836,008",NA,NA,NA,NA,NC,REP,,,NA
2019 FQ3,9/30/19,11/10/20,1.090394,1.112035,,,"7,128,146","7,128,146","3,415,060","3,713,086",,"2,764,520",NA,NA,,,"(48,930)","2,715,590","997,496",,"(48,930)","13,344","(35,585)",NA,NA,"961,911",NA,NA,NA,NA,NA,"961,911",,"244,648","717,263","2,224","719,487","(1,112)","718,375","718,375","716,151",,3.64,3.63,"197,553,516",3.64,3.63,"197,553,516",3.04,3.04,NA,0.00,1,,"1,313,314","997,496","997,496",25.43,,NA,,NA,"600,082",,NA,"837,363",NA,NA,NA,NA,NC,REP,,,NA
2019 FQ4,12/31/19,3/10/21,1.122209,1.107280,,,"6,464,299","6,464,299","3,299,694","3,164,606",,"2,814,705","19,931",NA,,,"52,042","2,886,678","277,927",,"(53,149)","24,360","(28,789)","(5,536)","15,502","259,103",NA,NA,"(6,644)",NA,NA,"252,460",,"50,935","201,525","(16,609)","184,916",0,"184,916","184,916","201,525",,0.94,1.03,"196,192,895",0.94,1.03,"196,199,321",0.82,0.82,NA,0.00,1,,"643,330","364,295","277,927",20.18,,"1,102,851",,"(393,084)","161,940",,NA,"6,465,407","1,829,226",NA,"191,338","191,338",RC,Q4,,,"191,338"
2020 FQ1,3/31/20,5/8/21,1.098901,1.102228,,,"4,828,860","4,828,860","2,428,208","2,400,652",,"2,365,381",NA,NA,,,"(18,738)","2,346,643","54,009",,"(46,294)","7,716","(38,578)",NA,"(1,102)","14,329",NA,NA,NA,NA,NA,"14,329",,"(14,329)","28,658",NA,"28,658","5,511","34,169","34,169","34,169",,0.18,0.18,"193,750,000",0.18,0.18,"193,750,000",0.07,0.07,NA,NA,1,,"402,313","54,009","54,009",NM,,NA,,NA,"14,467",,NA,"714,244",NA,NA,NA,NA,NC,REP,,,NA
2020 FQ2,6/30/20,8/5/21,1.125366,1.101566,,,"3,692,450","3,692,450","1,796,655","1,895,796",,"2,213,047",NA,NA,,,"(29,742)","2,183,304","(287,509)",,"(46,266)","14,320","(31,945)",NA,"(2,203)","(321,657)",NA,NA,NA,NA,NA,"(321,657)",,"(53,977)","(267,681)","(81,516)","(349,197)","24,234","(324,962)","(324,962)","(243,446)",,(1.66),(1.25),"195,364,238",(1.66),(1.25),"195,364,238",(0.91),(0.91),NA,NA,1,,"74,907","(287,509)","(287,509)",16.78,,NA,,NA,"(176,801)",,NA,"578,322",NA,NA,NA,NA,RD,REP,,,NA
2020 FQ3,9/30/20,8/5/21,1.174260,1.169259,,,"6,973,458","6,973,458","3,485,560","3,487,898",,"2,599,262",NA,NA,,,"(39,755)","2,559,507","928,391",,"(51,447)","7,016","(44,432)",NA,"(1,169)","882,790",NA,NA,NA,NA,NA,"882,790",,"206,959","675,831","(1,169)","674,662","(36,247)","638,415","638,415","639,584",,3.27,3.28,"195,000,000",3.27,3.28,"195,000,000",2.64,2.64,NA,NA,1,,"1,337,632","928,391","928,391",23.44,,NA,,NA,"515,497",,NA,"677,001",NA,NA,NA,NA,NC,RUP,,,NA
2020 FQ4,12/31/20,,,1.216292,,,"6,511,538","6,511,538","3,340,054","3,171,484",,"2,946,886",,,,,,"2,946,886","224,599",,,,,,,,,,,,,,,"16,004","129,237","21,512",,,"145,825",,,,0.94,,"195,070,000",,,"196,000,000",0.56,0.56,,,,,"534,044","224,598",,,,,,,,,,,,,,,,,,,
2021 FQ1,3/31/21,5/8/21,1.173709,1.204902,,,"6,347,426","6,347,426","3,058,042","3,289,383",,"2,466,435",NA,NA,,,"(25,303)","2,441,132","848,251",,"(45,786)","3,615","(42,172)",NA,"(1,205)","804,875",NA,NA,NA,NA,NA,"804,875",,"200,014","604,861","62,655","667,516","4,820","672,336","672,336","609,681",,3.45,3.12,"195,104,895",3.45,3.12,"195,104,895",2.60,2.60,NA,NA,1,,"1,183,214","848,251","848,251",24.85,,NA,,NA,"507,866",,NA,"651,852",NA,NA,NA,NA,O,REP,,,NA
2021 FQ2,6/30/21,8/5/21,1.185677,1.205255,,,"6,119,082","6,119,082","2,948,055","3,171,027",,"2,540,678",NA,NA,,,"(22,900)","2,517,779","653,248",,"(44,594)","4,821","(39,773)",NA,"2,411","615,886",NA,NA,NA,NA,NA,"615,886",,"148,246","467,639","24,105","491,744","(13,258)","478,486","478,486","454,381",,2.45,2.32,"195,566,502",2.45,2.32,"195,566,502",1.90,1.90,NA,NA,1,,"1,002,772","653,248","653,248",24.07,,NA,,NA,"371,671",,NA,"742,437",NA,NA,NA,NA,O,REP,,,NA